%% This BibTeX bibliography file was created using BibDesk.
%% https://bibdesk.sourceforge.io/

%% Created for Alexander Smith at 2019-10-24 22:11:52 -0400 


%% Saved with string encoding Unicode (UTF-8) 



@article{golub,
	Author = {Golub, T. R. and Slonim, D. K. and Tamayo, P. and Huard, C. and Gaasenbeek, M. and Mesirov, J. P. and Coller, H. and Loh, M. L. and Downing, J. R. and Caligiuri, M. A. and Bloomfield, C. D. and Lander, E. S.},
	Doi = {10.1126/science.286.5439.531},
	Issn = {0036-8075 (Print) 0036-8075},
	Journal = {Science},
	Number = {5439},
	Pages = {531-7},
	Title = {Molecular classification of cancer: class discovery and class prediction by gene expression monitoring},
	Type = {Journal Article},
	Volume = {286},
	Year = {1999},
	Bdsk-Url-1 = {https://doi.org/10.1126/science.286.5439.531}}
